<record><leader>00000cas a22000007a 4500</leader><controlfield tag="001">9472399</controlfield><controlfield tag="008">830503c19uu9999wauwr ne      0   a0eng d</controlfield><datafield ind1=" " ind2=" " tag="010"><subfield code="a">sn 83000613 </subfield></datafield><datafield ind1=" " ind2=" " tag="040"><subfield code="a">NSD</subfield><subfield code="b">eng</subfield><subfield code="c">NSD</subfield><subfield code="d">OCLCQ</subfield></datafield><datafield ind1=" " ind2=" " tag="012"><subfield code="m">1</subfield></datafield><datafield ind1="1" ind2=" " tag="022"><subfield code="a">0745-7952</subfield><subfield code="l">0745-7952</subfield><subfield code="2">1</subfield></datafield><datafield ind1=" " ind2=" " tag="032"><subfield code="a">696030</subfield><subfield code="b">USPS</subfield></datafield><datafield ind1=" " ind2=" " tag="037"><subfield code="b">News Review Publishing Co., South 130, Grand, Pullman, Wash. 99163</subfield></datafield><datafield ind1=" " ind2=" " tag="042"><subfield code="a">nsdp</subfield></datafield><datafield ind1=" " ind2="0" tag="222"><subfield code="a">Palouse living</subfield></datafield><datafield ind1="0" ind2="0" tag="245"><subfield code="a">Palouse living.</subfield></datafield><datafield ind1=" " ind2=" " tag="260"><subfield code="a">[Pullman, Wash.] :</subfield><subfield code="b">News Review Pub. Co.</subfield></datafield><datafield ind1=" " ind2=" " tag="310"><subfield code="a">Weekly</subfield></datafield><datafield ind1=" " ind2=" " tag="588"><subfield code="a">Description based on: Vol. 10, no. 16 (Wed. Apr. 20, 1983); title from cover.</subfield></datafield><datafield ind1=" " ind2=" " tag="936"><subfield code="a">Apr. 20, 1983</subfield></datafield></record>